@book{Weeks2002,
       author = "Jeffrey R. Weeks",
       year = "2002",
       title = "The Shape of Space",
       publisher = "Taylor & Francis Group, LLC",
       address = "Boca Raton, FL"
     }

@book{Luminet2008,
       author = "Jean-Pierre Luminet",
       year = "2008",
       title = "The Wraparound Universe",
       publisher = "A K Peters, Ltd.",
       address = "Wellesley, MA"
    }

@book{Henderson2005,
       author = "David W. Henderson and Daina Taimina",
       year = "2005",
       title = "Experiencing Geometry: Euclidean and Non-Euclidean with History",
       publisher = "Prentice Education, Inc.",
       address = "Upper Saddle River, NJ"
     }

@misc{nasa.gov,
       title = "National Aeronautics and Space Administration: Wilkinson Microwave Anisotropy Probe",
       author = "Britt Griswold",
       url = "http://map.gsfc.nasa.gov/",
       year = "2013",
       month = "July"
     }